<collection xmlns="http://www.loc.gov/MARC21/slim">
<record>
  <leader>01731nam0a22002891i 450 </leader>
  <controlfield tag="001">IT\ICCU\CNCE\071843</controlfield>
  <controlfield tag="005">20111006000000.0</controlfield>
  <datafield tag="012" ind1=" " ind2=" ">
    <subfield code="a">poio o:a- i,pi naes (3) 1556 (R)</subfield>
    <subfield code="2">fei</subfield>
  </datafield>
  <datafield tag="100" ind1=" " ind2=" ">
    <subfield code="a">20071002d1556        0itac0103    ba</subfield>
  </datafield>
  <datafield tag="101" ind1=" " ind2=" ">
    <subfield code="a">ITA</subfield>
  </datafield>
  <datafield tag="102" ind1=" " ind2=" ">
    <subfield code="a">CH</subfield>
  </datafield>
  <datafield tag="200" ind1="1" ind2=" ">
    <subfield code="a">De fatti de veri successori di Giesu Christo et de suoi apostoli, et de gli apostati della chiesa papale: contenenti la differenza et conformita della santa cena di nostro signore, &amp; della messa: et anchora, la nascenza, la fabrica, &amp; il compimento dellamessa, &amp; del papato, et del misterio dell&apos;antichristo: libri diece: da messer Pietro Vireto in francese scritti, &amp; hora nuouamente in volgare italiano volti: con due tauole, l&apos;vna de Papi ... &amp; l&apos;altra delle materie ...</subfield>
  </datafield>
  <datafield tag="210" ind1=" " ind2=" ">
    <subfield code="a">\Ginevra!</subfield>
    <subfield code="c">per Giouan Luigi Paschale</subfield>
    <subfield code="d">1556</subfield>
  </datafield>
  <datafield tag="215" ind1=" " ind2=" ">
    <subfield code="a">\16!, 735, \17! p.</subfield>
    <subfield code="d">8ʻ</subfield>
  </datafield>
  <datafield tag="620" ind1=" " ind2=" ">
    <subfield code="a">CH</subfield>
    <subfield code="d">Ginevra</subfield>
  </datafield>
  <datafield tag="700" ind1=" " ind2="1">
    <subfield code="a">Viret,</subfield>
    <subfield code="b">Pierre</subfield>
    <subfield code="3">IT\ICCU\CNCA\028655</subfield>
  </datafield>
  <datafield tag="712" ind1="0" ind2="0">
    <subfield code="a">Pascale, Giovanni Luigi</subfield>
    <subfield code="3">IT\ICCU\CNCT\001047</subfield>
    <subfield code="4">650</subfield>
  </datafield>
  <datafield tag="791" ind1="0" ind2="0">
    <subfield code="a">Pasquale, Giovanni Luigi</subfield>
    <subfield code="3">IT\ICCU\CNCT\002465</subfield>
    <subfield code="z">Pascale, Giovanni Luigi</subfield>
  </datafield>
  <datafield tag="791" ind1="0" ind2="0">
    <subfield code="a">Paschale, Giovanni Luigi</subfield>
    <subfield code="3">IT\ICCU\CNCT\004021</subfield>
    <subfield code="z">Pascale, Giovanni Luigi</subfield>
  </datafield>
  <datafield tag="791" ind1="0" ind2="0">
    <subfield code="a">Paschal, Jean-Louis</subfield>
    <subfield code="3">IT\ICCU\CNCT\005280</subfield>
    <subfield code="z">Pascale, Giovanni Luigi</subfield>
  </datafield>
  <datafield tag="801" ind1=" " ind2="3">
    <subfield code="a">IT</subfield>
    <subfield code="b">ICCU</subfield>
    <subfield code="c">20201115</subfield>
  </datafield>
  <datafield tag="899" ind1=" " ind2=" ">
    <subfield code="a">Biblioteca estera - Biblioteca Nacional de Espaą. Madrid</subfield>
    <subfield code="1">AA0001</subfield>
  </datafield>
  <datafield tag="899" ind1=" " ind2=" ">
    <subfield code="a">Biblioteca estera - Universiteitsbibliotheek Gent. Gent</subfield>
    <subfield code="1">AA0011</subfield>
  </datafield>
  <datafield tag="899" ind1=" " ind2=" ">
    <subfield code="a">Biblioteca nazionale centrale. Firenze</subfield>
    <subfield code="1">FI0098</subfield>
    <subfield code="2">CFI CF</subfield>
  </datafield>
  <datafield tag="899" ind1=" " ind2=" ">
    <subfield code="a">Biblioteca Casanatense. Roma</subfield>
    <subfield code="1">RM0313</subfield>
    <subfield code="2">RML 07</subfield>
  </datafield>
  <datafield tag="899" ind1=" " ind2=" ">
    <subfield code="a">Biblioteca valdese e Biblioteca della Societ ̉di studi valdesi. Torrepellice</subfield>
    <subfield code="1">TO0397</subfield>
    <subfield code="2">TO0 82</subfield>
  </datafield>
  <datafield tag="899" ind1=" " ind2=" ">
    <subfield code="a">Biblioteca civica Bertoliana. Vicenza</subfield>
    <subfield code="1">VI0096</subfield>
    <subfield code="2">VIA BE</subfield>
  </datafield>
</record>
</collection>
